@String{am = "Acta Materialia"}

@String{adm = "Advanced Materials"}

@String{afm = "Advanced Functional Materials"}

@String{apl = "Applied Physics Letters"}

@String{arxiv = "Arxiv.org"}

@String{cpl = "Chemical Physics Letters"}

@String{cmame = "Computer Methods in Applied Mechanics and Engineering"}

@String{jcp = "Journal of Computational Physics"}

@String{ijnme = "International Journal for Numerical Methods in Engineering"}

@String{jmps = "Journal of the Mechanics and Physics of Solids"}

@String{ijss = "International Journal of Solids and Structures"}

@String{cms = "Computational Materials Science"}

@String{jchemp = "Journal of Chemical Physics"}

@String{jpcb = "Journal of Physical Chemistry B"}

@String{jpcc = "Journal of Physical Chemistry C"}

@String{jam = "Journal of Applied Mechanics"}

@String{jacs = "Journal of the American Chemical Society"}

@String{jap = "Journal of Applied Physics"}

@String{jms = "Journal of Microelectromechanical Systems"}

@String{josaa = "Journal of the Optical Society of America A"}

@String{jpcm = "Journal of Physics:  Condensed Matter"}

@String{nano = "Nanotechnology"}

@String{nat = "Nature"}

@String{nm = "Nature Materials"}

@String{nn = "Nature Nanotechnology"}

@String{nl = "Nano Letters"}

@String{pnas = "Proceedings of the National Academy of Science"}

@String{prb = "Physical Review B"}

@String{prl = "Physical Review Letters"}

@String{pma = "Philosophical Magazine A"}

@String{pm = "Philosophical Magazine"}

@String{msmse = "Modelling and Simulation in Materials Science and Engineering"}

@String{sci = "Science"}

@String{jms = "Journal of Microelectromechanical Systems"}

%%%%%%%%%%%%%%%%%%%%%%%%%%%%%
% MULTISCALE REFERENCES % - ORIGINAL HSP BIB FILE!!!
%%%%%%%%%%%%%%%%%%%%%%%%%%%%%

@article{hoshino1983cation,
  title={Cation Self-Diffusion in Cr2O3},
  author={Hoshino, Kazutomo and Peterson, NL},
  journal={Journal of the American Ceramic Society},
  volume={66},
  number={11},
  pages={c202--c203},
  year={1983},
  publisher={Wiley Online Library}
}

@article{tsai1996growth,
  title={Growth mechanism of Cr 2 O 3 scales: oxygen and chromium diffusion, oxidation kinetics and effect of yttrium},
  author={Tsai, SC and Huntz, AM and Dolin, C},
  journal={Materials Science and Engineering: A},
  volume={212},
  number={1},
  pages={6--13},
  year={1996},
  publisher={Elsevier}
}

@article{sabioni2012role,
  title={About the Role of Chromium and Oxygen Ion Diffusion on the Growth Mechanism of Oxidation Films of the AISI 304 Austenitic Stainless Steel},
  author={Sabioni, Ant{\^o}nio Claret Soares and Ramos, Roberto Paulo Barbosa and Ji, Vincent and Jomard, Fran{\c{c}}ois and de Almeida Macedo, Waldemar Augusto and Gastelois, Pedro Lana and Trindade, Vicente Braz},
  journal={Oxidation of metals},
  volume={78},
  number={3-4},
  pages={211--220},
  year={2012},
  publisher={Springer}
}

@article{lobnig1992diffusion,
  title={Diffusion of cations in chromia layers grown on iron-base alloys},
  author={Lobnig, RE and Schmidt, HP and Hennesen, K and Grabke, HJ},
  journal={Oxidation of Metals},
  volume={37},
  number={1-2},
  pages={81--93},
  year={1992},
  publisher={Springer}
}

@article{vaari2015molecular,
  title={Molecular dynamics simulations of vacancy diffusion in chromium (III) oxide, hematite, magnetite and chromite},
  author={Vaari, Jukka},
  journal={Solid State Ionics},
  volume={270},
  pages={10--17},
  year={2015},
  publisher={Elsevier}
}

@article{sun2007molecular,
  title={Molecular dynamics simulation of the (0001) $\alpha$-Al 2 O 3 and $\alpha$-Cr 2 O 3 surfaces},
  author={Sun, Jizhong and Stirner, T and Matthews, A},
  journal={Surface Science},
  volume={601},
  number={5},
  pages={1358--1364},
  year={2007},
  publisher={Elsevier}
}

@article{catlow1988atomistic,
  title={Atomistic Simulation of Defect Structures and Ion Transport in $\alpha$-Fe2O3 and $\alpha$-Cr2O3},
  author={CATLOW, C RICHARD A and CORISH, JOHN and HENNESSY, JOHN and MACKRODT, WILLIAM C},
  journal={Journal of the American Ceramic Society},
  volume={71},
  number={1},
  pages={42--49},
  year={1988},
  publisher={Wiley Online Library}
}